@misc{ms-fowler,
  author =  "{Martin Fowler}",
  title =   "{Microservices}",
  note =    "(\url{https://martinfowler.com/articles/microservices.html}) [last accessed: 2019/01/21]"
}

@misc{monolith,
  author =  "{ITS}",
  title =   "{ITS Technical Glossary}",
  note =    "(\url{https://web.archive.org/web/20070902151937/http://www.its.state.nc.us/Information/Glossary/Glossm.asp}) [last accessed: 2018/12/19]"
}

@misc{ms-microservices,
  author =  "{Microsoft Corporation}",
  title =   "{Communication in a microservice architecture}",
  note =    "(\url{https://docs.microsoft.com/en-us/dotnet/standard/microservices-architecture/architect-microservice-container-applications/communication-in-microservice-architecture}) [last accessed: 2018/12/19]"
}

@misc{fowler-break-monolith,
  author =  "{Zhamak Dehghani}",
  title =   "{How to break a Monolith into Microservices}",
  note =    "(\url{https://martinfowler.com/articles/break-monolith-into-microservices.html}) [last accessed: 2019/01/19]"
}

@misc{fowler-monolith-first,
  author =  "{Martin Fowler}",
  title =   "{MonolithFirst}",
  note =    "(\url{https://martinfowler.com/bliki/MonolithFirst.html}) [last accessed: 2019/01/19]"
}

@misc{fowler-microservices-tradeoffs,
  author =  "{Martin Fowler}",
  title =   "{Microservice Trade-Offs}",
  note =    "(\url{https://martinfowler.com/articles/microservice-trade-offs.html}) [last accessed: 2019/01/19]"
}

@misc{ms-design-principles,
  author =  "{Saravanan Subramanian}",
  title =   "{Microservices Design Principles}",
  note =    "(\url{https://dzone.com/articles/microservices-design-principles}) [last accessed: 2019/07/22]"
}
