@misc{se-ieee,
  title =     {{\textit{610.12-1990 - IEEE Standard Glossary of Software Engineering Terminology}}},
  author =    {IEEE},
  publisher = {IEEE},
  year =      {1990}
}

@article{fritzsch2018monolith,
  title={From Monolith to Microservices: A Classification of Refactoring Approaches},
  author={Fritzsch, Jonas and Bogner, Justus and Zimmermann, Alfred and Wagner, Stefan},
  journal={arXiv preprint arXiv:1807.10059},
  year={2018}
}

@inproceedings{gysel2016service,
  title={Service cutter: a systematic approach to service decomposition},
  author={Gysel, Michael and K{\"o}lbener, Lukas and Giersche, Wolfgang and Zimmermann, Olaf},
  booktitle={European Conference on Service-Oriented and Cloud Computing},
  pages={185--200},
  year={2016},
  organization={Springer}
}

@misc{kruidenberg2018monoliths,
  title={From monoliths to microservices: The decomposition process},
  author={Kruidenberg, Dennis},
  year={2018}
}

@inproceedings{jin2018functionality,
  title={Functionality-Oriented Microservice Extraction Based on Execution Trace Clustering},
  author={Jin, Wuxia and Liu, Ting and Zheng, Qinghua and Cui, Di and Cai, Yuanfang},
  booktitle={2018 IEEE International Conference on Web Services (ICWS)},
  pages={211--218},
  year={2018},
  organization={IEEE}
}

@inproceedings{mazlami2017extraction,
  title={Extraction of microservices from monolithic software architectures},
  author={Mazlami, Genc and Cito, Jurgen and Leitner, Philipp},
  booktitle={2017 IEEE International Conference on Web Services (ICWS)},
  pages={524--531},
  year={2017},
  organization={IEEE}
}

@article{levcovitz2016towards,
  title={Towards a technique for extracting microservices from monolithic enterprise systems},
  author={Levcovitz, Alessandra and Terra, Ricardo and Valente, Marco Tulio},
  journal={arXiv preprint arXiv:1605.03175},
  year={2016}
}

@article{knoche2018using,
  title={Using Microservices for Legacy Software Modernization},
  author={Knoche, Holger and Hasselbring, Wilhelm},
  journal={IEEE Software},
  volume={35},
  number={3},
  pages={44--49},
  year={2018},
  publisher={IEEE}
}

@inproceedings{baresi2017microservices,
  title={Microservices identification through interface analysis},
  author={Baresi, Luciano and Garriga, Martin and De Renzis, Alan},
  booktitle={European Conference on Service-Oriented and Cloud Computing},
  pages={19--33},
  year={2017},
  organization={Springer}
}

@inproceedings{alshuqayran2016systematic,
  title={A systematic mapping study in microservice architecture},
  author={Alshuqayran, Nuha and Ali, Nour and Evans, Roger},
  booktitle={Service-Oriented Computing and Applications (SOCA), 2016 IEEE 9th International Conference on},
  pages={44--51},
  year={2016},
  organization={IEEE}
}

@inproceedings{escobar2016towards,
  title={Towards the understanding and evolution of monolithic applications as microservices},
  author={Escobar, Daniel and C{\'a}rdenas, Diana and Amarillo, Rolando and Castro, Eddie and Garc{\'e}s, Kelly and Parra, Carlos and Casallas, Rubby},
  booktitle={Computing Conference (CLEI), 2016 XLII Latin American},
  pages={1--11},
  year={2016},
  organization={IEEE}
}

@inproceedings{ahmadvand2016requirements,
  title={Requirements reconciliation for scalable and secure microservice (de) composition},
  author={Ahmadvand, Mohsen and Ibrahim, Amjad},
  booktitle={Requirements Engineering Conference Workshops (REW), IEEE International},
  pages={68--73},
  year={2016},
  organization={IEEE}
}

@inproceedings{chen2017monolith,
  title={From Monolith to Microservices: A Dataflow-Driven Approach},
  author={Chen, Rui and Li, Shanshan and Li, Zheng},
  booktitle={Asia-Pacific Software Engineering Conference (APSEC), 2017 24th},
  pages={466--475},
  year={2017},
  organization={IEEE}
}

@article{balalaie2018microservices,
  title={Microservices migration patterns},
  author={Balalaie, Armin and Heydarnoori, Abbas and Jamshidi, Pooyan and Tamburri, Damian A and Lynn, Theo},
  journal={Software: Practice and Experience},
  volume={48},
  number={11},
  pages={2019--2042},
  year={2018},
  publisher={Wiley Online Library}
}

@misc{jansen2010servicifi,
  title={ServiciFi: Service Extraction from Decomposed Software Monoliths in The Financial Domain},
  author={Jansen, Slinger},
  year={2010}
}

@inproceedings{latoza2006maintaining,
  title={Maintaining mental models: a study of developer work habits},
  author={LaToza, Thomas D and Venolia, Gina and DeLine, Robert},
  booktitle={Proceedings of the 28th international conference on Software engineering},
  pages={492--501},
  year={2006},
  organization={ACM}
}

@inproceedings{france2007model,
  title={Model-driven development of complex software: A research roadmap},
  author={France, Robert and Rumpe, Bernhard},
  booktitle={2007 Future of Software Engineering},
  pages={37--54},
  year={2007},
  organization={IEEE Computer Society}
}

@incollection{easterbrook2008selecting,
  title={Selecting empirical methods for software engineering research},
  author={Easterbrook, Steve and Singer, Janice and Storey, Margaret-Anne and Damian, Daniela},
  booktitle={Guide to advanced empirical software engineering},
  pages={285--311},
  year={2008},
  publisher={Springer}
}

@article{andritsos2005information,
  title={Information-theoretic software clustering},
  author={Andritsos, Periklis and Tzerpos, Vassilios},
  journal={IEEE Transactions on Software Engineering},
  number={2},
  pages={150--165},
  year={2005},
  publisher={IEEE}
}

@article{samuel2017insight,
  title={An Insight into Programming Paradigms and Their Programming Languages},
  author={Samuel, M Selvakumar},
  journal={JOURNAL OF APPLIED TECHNOLOGY AND INNOVATION},
  volume={1},
  number={1},
  pages={37--57},
  year={2017}
}

@book{newman2015building,
  author = {Newman, Sam},
  title = {Building Microservices},
  year = {2015},
  isbn = {1491950358, 9781491950357},
  edition = {1st},
  publisher = {O'Reilly Media, Inc.},
}

@book{raymond2003unix,
  author = {Raymond, Eric S.},
  title = {The Art of UNIX Programming},
  year = {2003},
  isbn = {0131429019},
  publisher = {Pearson Education},
}

@book{martin2003agile,
  author = {Martin, Robert C.},
  title = {Agile Software Development: Principles, Patterns, and Practices},
  year = {2003},
  isbn = {0135974445},
  publisher = {Prentice Hall PTR},
}

@book{press2011oxford,
  title={Oxford Complete Dictionary},
  author={Press, O.U.},
  series={Oxford Complete Dictionary},
  year={2011},
}

@inproceedings{knoche2016sustaining,
  title={Sustaining runtime performance while incrementally modernizing transactional monolithic software towards microservices},
  author={Knoche, Holger},
  booktitle={Proceedings of the 7th ACM/SPEC on International Conference on Performance Engineering},
  pages={121--124},
  year={2016},
  organization={ACM}
}

@article{foote1997bigballofmud,
  title={Big ball of mud},
  author={Foote, Brian and Yoder, Joseph},
  journal={Pattern languages of program design},
  volume={4},
  pages={654--692},
  year={1997}
}

@article{conway1968law,
  author={Conway, Melvin E.},
  title={How Do Committees Invent?},
  year={1968},
}

@article{girvan2002community,
	author={Girvan, M. and Newman, M. E. J.},
	title={Community structure in social and biological networks},
	volume={99},
	number={12},
	pages={7821--7826},
	year={2002},
	doi={10.1073/pnas.122653799},
	journal={Proceedings of the National Academy of Sciences},
}

@article{leung2009community,
  title={Towards real-time community detection in large networks},
  author={Leung, Ian XY and Hui, Pan and Lio, Pietro and Crowcroft, Jon},
  journal={Physical Review E},
  volume={79},
  number={6},
  pages={066107},
  year={2009},
  publisher={APS}
}

@inproceedings{graham1982gprof,
  title={Gprof: A call graph execution profiler},
  author={Graham, Susan L and Kessler, Peter B and Mckusick, Marshall K},
  booktitle={ACM Sigplan Notices},
  volume={17},
  number={6},
  pages={120--126},
  year={1982},
  organization={ACM}
}

@article{grove1997callgraph,
  title={Call graph construction in object-oriented languages},
  author={Grove, David and DeFouw, Greg and Dean, Jeffrey and Chambers, Craig},
  journal={ACM SIGPLAN Notices},
  volume={32},
  number={10},
  pages={108--124},
  year={1997},
  publisher={ACM}
}
